@book {MR0055409,
    AUTHOR = {Rudin, Walter},
     TITLE = {Principles of mathematical analysis},
 PUBLISHER = {McGraw-Hill Book Company, Inc., New York-Toronto-London},
      YEAR = {1953},
     PAGES = {ix+227},
   MRCLASS = {27.2X},
  MRNUMBER = {0055409 (14,1070c)},
MRREVIEWER = {U. S. Haslam-Jones},
  BOEKCODE = {26-01},
}